@manual{grundlagen_vakuumtechnik,
  title = {Grundlagen der Vakuumtechnik},
  author = "",
  organization = {Leybold Products},
  year = {2024-10-21},
  url = {https://www.leyboldproducts.de/media/pdf/10/0f/8b/FVT_Grundlagen_der_Vakuumtechnik_DE591eea2256c34.pdf},
  urldate = {2024-10-21}
}

@manual{drehschieberpumpe,
  title = "Drehschieberpumpe",
  author = "",
  organization = "G.U.T. GmbH",
  year = "2024-10-22",
  url = "https://www.gutmbh.de/Vakuumpumpen.htm",
  urldate = "2024-10-22"
}

@manual{turbomolekularpumpe,
  title = {Turbomolekularpumpe},
  author = "",
  organization = {Pfeiffer Vacuum},
  year = {2014-10-22},
  url = {https://know-how-book.pfeiffer-vacuum.com/de/vakuumerzeugung/turbomolekularpumpen/aufbau-funktionsprinzip/funktionsprinzip-turbomolekularpumpe/index.html},
  urldate = {2014-10-22}
}

@manual{delta_tu_dortmund,
  title = {Delta TU Dortmund},
  author = "",
  organization = {TU Dortmund},
  year = {2024-10-24},
  url = {https://delta.tu-dortmund.de/storages/delta/r/Studium/Lehrveranstaltungen/Versuche/Vakuumversuch_V70/Versuchsbeschreibung_Vakuumversuch_V70.pdf},
  urldate = {2024-10-24}
}