@manual{Gammastrahlung,
  title = {Gammastrahlung},
  author = "TU Dortmund",
  organization = {Wikipedia},
  year = {2024-09-08},
  url = {https://de.wikipedia.org/wiki/Gammastrahlung},
  urldate = {2024-11-07}
}

@manual{Strahlung_Arten,
  title = {Phys. Grundlagen der Nuklearmedizin: Wechselwirkung von Gamma-Strahlung},
  author = "Dr. H. Künstner",
  organization = {KNuk Uni Rostock},
  year = {Unknown},
  url = {https://nuklear.med.uni-rostock.de/fileadmin/Kliniken/nuk/MTRA-Unterrichtsskripte/04script_WW_Gamma.pdf},
  urldate = {2024-11-07}
}

@manual{Compton,
  title = {ComptonEffekt},
  author = "Unknown",
  organization = {Physki},
  year = {2022-02-12},
  url = {https://www2.physki.de/PhysKi/index.php/Compton-Effekt},
  urldate = {2024-11-07}
}

@manual{aufbau,
  title = {Aufbau},
  author = "Unknown",
  organization = {TU Dortmund},
  year = {2024},
  url = {https://moodle.tu-dortmund.de/mod/resource/view.php?id=1694343},
  urldate = {2024-11-08}
}

@misc{Europium,
  author = {LNHB},
  title = {{Table de Radionucléides}},
  howpublished = {"\url{http://www.lnhb.fr/nuclides/Eu-152_tables.pdf}"},
  year = {2004}, 
  note = "[Online; 11.11.2024]"
}

@online{Caesium,
author = "LNHB",
title = {"Table de Radionucléides"},
url = {www.lnhb.fr/nuclides/Ba-133_tables.pdf},
urldate = {2024-11-11}
}

@online{Barium,
author = "LNHB",
title = "Table de Radionucléides",
url = {www.lnhb.fr/nuclides/Cs-137_tables.pdf},
urldate = {2024-11-11}
}

@article{Altprotokoll,
author = "Annuss, L. und Ollesch, J.",
title = {"V18 Germaniumdetektor"},
year = {"2024"}
}