@online{magnesium,
author = "",
title = "Bändermodell",
url = {https://de.wikipedia.org/wiki/B%C3%A4ndermodell},
urldate = {2024-11-20}
}

@manual{anhang,
title = "Anhang 1, V46 - Faraday-Effekt an Halbleitern Berechnung des Rotationswinkels θ der Polarisationsebene beim Faraday-Effekt",
author = "",
organization = "TU Dortmund",
year = "2019"
}

@manual{faradayeffekt,
title = "V46 -Faraday-Effekt an Halbleitern",
author = "",
organization = "TU Dortmund",
year = "2019"
}

@book{heintze,
author = "Joachim Heintze",
title = "Lehrbuch zur Experimentalphysik, Band4: Wellen und Optik",
publisher = "Peter Bock",
year = "2017"
}

@online{gaas,
author = "Martin Stiftinger",
title = "3.4.1 Bandstruktur von GaAs",
url = {https://www.iue.tuwien.ac.at/phd/lindorfer/node28.html#SECTION00741000000000000000},
urldate = {2024-11-20}
}