@manual{Röntgenspektrum,
  title = "Röntgenspektrum",
  author = "",
  organization = "Georg-August-Universität Göttingen",
  year = "2006-2024",
  url = "https://lp.uni-goettingen.de/get/text/4385",
  urldate = "2024-12-13"
}

@manual{Reflexion,
  title = "Reflexion",
  author = "",
  organization = "Georg-August-Universität Göttingen",
  year = "2006-2024",
  url = "https://lp.uni-goettingen.de/get/text/5653",
  urldate = "2024-12-13"
}

@manual{Multischichten,
  title = "X-Ray Scattering from Soft-Matter Thin Films",
  author = "Metin Tolan",
  organization = "Springer-Verlag Berlin Heidelberg GmbH",
  year = "1999",
  url = "",
  urldate = "2025-01-08"
}

@manual{Röntgenstrahlung,
  title = "Röntgenbeugung und Reflektometrie",
  author = "Leonard Müller, Dagmar Carmele, Moritz Waldorf",
  organization = "II. Physikalisches Institut B, RWTH Aachen",
  year = "2016",
  url = "https://institut2a.physik.rwth-aachen.de/de/teaching/praktikum/Anleitungen/RO_2016-03-02.pdf",
  urldate = "2024-12-14"
}

@manual{Algorithmus,
  title = "Röntgenreflektometrie an ultradünnen Schichten",
  author = "Florian Bertram",
  organization = "Universität Osnabrück",
  year = "2007",
  url = "https://www.physik.uni-osnabrueck.de/fileadmin/documents/AG-Woll/Bachelor_Arbeiten/BachelorarbeitFlorianBertram.pdf",
  urldate = "2024-12-14"
}

@manual{Oberflächen,
  title = "Absorption, Reflexion und Brechung",
  author = "Jens Thoms törring",
  organization = "Freie Universität Berlin",
  year = "2008",
  url = "https://www.sonnentaler.net/dokumentation/wiss/optik/weiter/reflexion/",
  urldate = "2025-01-09"
}
